@online{goodDataEmbedded,
	title="Embedded Analytics: All You Need To Know",
	author="Tereza Seidelova",
	organization="GoodData",
	date="2023-10-31",
	urldate={2024-04-20},
	url="https://www.gooddata.com/blog/what-embedded-analytics/"
}
@online{coJeDashboard,
	title="Co je Dashboard?",
	author="Vojtěch Bruk",
	date="2023-02-22",
	urldate={2024-04-20},
	url="https://vojtechbruk.cz/pojem/dashboard/"
}
@online{emplifiDashboard,
	title="Dashboard",
	organization="Emplifi",
	url="https://docs.emplifi.io/platform/latest/home/dashboard",
	urldate={2024-04-20},
}

@online{iFrameAdv,
	title="What’s an iFrame and how can I use it?",
	author="Kerrie-Anne Chinn",
	date="2017-09-14",
	url="https://www.go1.com/blog/whats-iframe-can-use",
	urldate={2024-04-20},
}
@online{webComp,
	title="Embed Visualizations Using Web Components",
	organization="GoodData",
	url="https://www.gooddata.com/docs/cloud/embed-visualizations/web-components/",
	urldate={2024-04-20},
}

@online{reactSDKComp,
	title="Embed Visualizations Using React SDK",
	organization="GoodData",
	url="https://www.gooddata.com/docs/cloud/embed-visualizations/react-sdk/",
	urldate={2024-04-20},
}

@online{saasDefinition,
	title="Software as a Service (SaaS): Definition and Examples",
	organization="Investopedia",
	date="2022-12-15",
	url="https://www.investopedia.com/terms/s/software-as-a-service-saas.asp",
	urldate={2024-04-20},
}

@online{SDKvsAPI,
	title="SDK vs. API: What’s the Difference?",
	organization="IBM",
	date="2021-07-13",
	url="https://www.ibm.com/blog/sdk-vs-api/",
	urldate={2024-04-20},
}

@online{whatIsAPI,
	title="What is API Authentication?",
	organization="Noname Security",
	date="2023-06-08",
	url="https://nonamesecurity.com/learn/what-is-api-authentication/",
	urldate={2024-04-20},
}

@online{mostUsedAuthentication,
	title="4 Most Used REST API Authentication Methods",
	author="Guy Levin",
	date="2019-07-26",
	url="https://blog.restcase.com/4-most-used-rest-api-authentication-methods/",
	urldate={2024-04-20},
}

@online{mozillaHTTPAuth,
	title="HTTP authentication",
	url="https://developer.mozilla.org/en-US/docs/Web/HTTP/Authentication",
	urldate={2024-04-20},
}

@online{amazonAPIKey,
	title="What is an API key?",
	url="https://aws.amazon.com/what-is/api-key/",
	organization="Amazon Web Services",
	urldate={2024-04-20},
}

@online{understandingOAuth2,
	title="Understanding OAuth2",
	date="2023-08-02",
	author="Albert Starreveld",
	url="https://medium.com/web-security/understanding-oauth2-a50f29f0fbf7",
	urldate={2024-04-20},
}

@online{oauthResponseExample,
	title="Access Token Response",
	organization="OAuth",
	url="https://www.oauth.com/oauth2-servers/access-tokens/access-token-response/",
	urldate={2024-04-20},
}

@online{bestEmbTools2023,
	title="Best Embedded Analytics Tools (2023)",
	date="2023-01-30",
	url="https://technologyadvice.com/blog/information-technology/embedded-analytics-software/",
	author="Stephen Porritt",
	urldate={2024-04-20},
}

@online{goodDataEmbeddingPlatform,
	title="GoodData embedded analytics platform",
	url="https://www.gooddata.com/embedded-analytics/",
	organization="GoodData",
	urldate={2024-04-20}
}

@online{trustRadiusAwards,
	title="TrustRadius Announces 2023 Best of Award Winners",
	date="2023-11-07",
	url="https://www.trustradius.com/vendor-blog/best-of-awards",
	organization="TrustRadius",
	author="Becky Susko",
	urldate={2024-04-20}
}

@online{trustRadiusDiscusionGoodData,
	title="What is GoodData?",
	url="https://www.trustradius.com/products/gooddata/reviews?qs=pros-and-cons#reviews",
	organization="TrustRadius",
	urldate={2024-04-20}
}

@online{trustRadiusDiscusionAzure,
	title="What is Microsoft Power BI Embedded?",
	url="https://www.trustradius.com/products/microsoft-power-bi-embedded/reviews?qs=pros-and-cons",
	organization="TrustRadius",
	urldate={2024-04-20}
}

@online{googleLookMLDoc,
	title="Introduction to LookML",
	url="https://cloud.google.com/looker/docs/what-is-lookml",
	organization="Google Cloud",
	urldate={2024-04-20}
}

@online{trustRadiusDiscusionLooker,
	title="What is Looker?",
	url="https://www.trustradius.com/products/looker/reviews	",
	organization="TrustRadius",
	urldate={2024-04-20}
}

@online{whyUsingReact,
	title="Why You Should Use React.js For Web Development",
	date="2021-02-18",
	url="https://www.freecodecamp.org/news/why-use-react-for-web-development/",
	author="Suraj Surve",
	urldate={2024-04-20}
}


@online{whyUsingReact2,
	title="10 Key Reasons Why You Should Use React for Web Development",
	date="2023-03-12",
	url="https://www.techmagic.co/blog/why-we-use-react-js-in-the-development/",
	author="Oleksandr Hutsulyak",
	urldate={2024-04-20}
}

@online{whatIsDOM,
	title="What is Dom in React?",
	url="https://www.javatpoint.com/what-is-dom-in-react",
	organization="Javatpoint",
	urldate={2024-04-20}
}

@online{oAuthImage,
	title="Auth Flow Diagrams",
	organization="Eraser",
	url="https://www.eraser.io/use-case/auth-flow-diagrams",
	urldate={2024-04-20}
}

@online{tableauBlog,
	title="Auth Flow Diagrams",
	organization="Comparing Embedded Analytics Solutions in 5 Business Intelligence (BI) Tools",
	url="https://www.analytics8.com/blog/comparing-embedded-analytics-solutions-in-five-business-intelligence-tools/#tableau",
	author="Sharon Rehana",
	urldate={2024-04-20}
}

@online{trustRadiusTableAU,
	title="What is Tableau Desktop?",
	url="https://www.trustradius.com/products/tableau-desktop/reviews",
	organization="TrustRadius",
	urldate={2024-04-20}
}


@online{emplifiDocs,
	title="Emplifi API Documentation",
	organization="Emplifi",
	url="https://api.emplifi.io/",
	urldate={2024-04-20}
}

@online{tanstackQueryDocs,
	title="Powerful asynchronous state management for TS/JS, React, Solid, Vue, Svelte and Angular",
	url="https://tanstack.com/query/latest",
	urldate={2024-04-20}
}

@online{muiDocs,
	title="MUI documentation",
	url="https://mui.com/",
	urldate={2024-04-20}
}

@online{visionDocs,
	title="Vision documentation",
	date="2024-04",
	organization="Emplifi",
	author="Michal Kacerovský",
	note="[Zahrnuto v elektronické příloze k bakalářské práci.]"
}

@online{preJSONDocs,
	title="PreJSON documentation",
	date="2024-04",
	organization="Emplifi",
	author="Michal Kacerovský",
	note="[Zahrnuto v elektronické příloze k bakalářské práci.]"
}

@online{emplifidashboardIMAGE,
	title={Actionable insights from LinkedIn now available for owned profiles in Emplifi Content Hub and Dashboard},
	organization="Emplifi",
	url="https://emplifi.io/resources/blog/linkedin-insights-emplifi-analytics-dashboard-widgets",
	urldate={2024-04-20}
}
@article{introToReact,
	title="Introduction to React",
	author="Cory Gackenheimer",
	date="2015-09-02",
	pages={1-18},
}

@online{functionalVsClass,
	organization="Meta Platforms, Inc.",
	url="https://legacy.reactjs.org/docs/components-and-props.html",
	urldate={2024-04-20}
}

@article{introToRedux,
	title="Learning Redux",
	author="Daniel Bugl",
	date="2017-08",
	pages={2-98},
}

@article{keepingApiKeysSafe,
  author={Lu, Hongqian Karen},
  title={Keeping Your API Keys in a Safe}, 
  year={2014},
  volume={},
  number={},
  pages={962-965},
  doi={10.1109/CLOUD.2014.143}
}

